@misc{ieeePSC2015,
  title = {{42nd IEEE Photovoltaic Specialists Conference 2015 Technical Program Overview}},
  howpublished = {\url{http://www.ieee-pvsc.org/PVSC42/program-technical.php}},
  note = {{Accessed: 2015-05-09}}
}

@MISC{googleIO2015,
  title= {{Google IO 2015 Schedule}},
  howpublished = {\url{https://events.google.com/io2015/schedule#day1}},
  note = {{Accessed: 2015-05-09}}
}

% Optional fields: author, title, howpublished, month, year, note
@MISC{embeddedlinuxconference2015,
  title = {{Embedded Linux Conference 2015 Schedule}},
  howpublished = {\url{http://events.linuxfoundation.org/events/embedded-linux-conference/program/schedule}},
  note = {{Accessed: 2015-05-09}}
}

@MISC{ocsWebsite,
  title = {{Open Conference Systems Website}},
  howpublished = {\url{http://pkp.sfu.ca/ocs/}},
  note = {{Accessed: 2015-09-14}}
}

@MISC{yslowWebsite,
  title = {{YSlow Website}},
  howpublished = {\url{http://yslow.org}},
  note = {{Accessed: 2015-09-14}}
}

@MISC{openconfWebsite,
  title = {{OpenConf Website}},
  howpublished = {\url{http://www.openconf.com}},
  note = {{Accessed: 2015-09-13}}
}

@MISC{icfice2015,
  title = {{ICFICE 2015 Schedule}},
  howpublished = {\url{http://icfice2015.kiice.org/download/ICFICE2015%20Conference%20Program%20(2).pdf}},
  note = {{Accessed: 2015-09-13}}
}

% Optional fields: author, title, howpublished, month, year, note
@MISC{appleWwdc2014,
  title = {{Apple WWDC 2015 Mobile Application}},
  howpublished = {\url{https://itunes.apple.com/nz/app/wwdc/id640199958}},
  note = {{Accessed: 2015-09-13}}
}

% Optional fields: author, title, howpublished, month, year, note
@MISC{ieeeIMC2014,
  title = {{IEEE International Magnetics Conference 2014 Program}},
  howpublished = {\url{http://www.intermagconference.com/2014/14/index.html}},
  note = {{Accessed: 2015-05-09}}
}

% Optional fields: author, title, howpublished, month, year, note
@MISC{ieeeICC2015,
  title = {{IEEE International Conference on Communications 2014 Program}},
  howpublished = {\url{http://icc2015.ieee-icc.org/sites/icc2015.ieee-icc.org/files/u39/program_matrix_0515.pdf}},
  note = {{Accessed: 2015-05-09}}
}

% Optional fields: author, title, howpublished, month, year, note
@MISC{duvander2013json,
  author = {Adam DuVander},
  title = {{JSON's Eight Year Convergence with XML}},
  howpublished = {\url{http://www.programmableweb.com/news/jsons-eight-year-convergence-xml/2013/12/26}},
  note = {{Accessed: 2015-05-09}}
}

% Optional fields: author, title, howpublished, month, year, note
@MISC{galiegue2013json,
  author = {Francis Galiegue},
  title = {{JSON Schema}: core definitions and terminology},
  howpublished = {\url{http://json-schema.org/latest/json-schema-core.html}},
  note = {{Accessed: 2015-05-10}}
}

@MISC{galiegue2013inplementations,
  title = {{JSON Schema} implementations},
  howpublished = {\url{http://json-schema.org/implementations.html}},
  note = {{Accessed: 2015-05-10}}
}

@article{nurseitov2009comparison,
  title={Comparison of JSON and XML Data Interchange Formats: A Case Study.},
  author={Nurseitov, Nurzhan and Paulson, Michael and Reynolds, Randall and Izurieta, Clemente},
  journal={Caine},
  volume={2009},
  pages={157--162},
  year={2009}
}

@article{hellstrom2012querying,
  title={{Querying JSON and XML: Performance evaluation of querying tools for offline-enabled web applications}},
  author={Hellstr{\"o}m, Adrian},
  year={2012}
}

@inproceedings{lin2012comparison,
  title={{Comparison between JSON and XML in Applications Based on AJAX}},
  author={Lin, Boci and Chen, Yan and Chen, Xu and Yu, Yingying},
  booktitle={Computer Science \& Service System (CSSS), 2012 International Conference on},
  pages={1174--1177},
  year={2012},
  organization={IEEE}
}

@inproceedings{maleshkova2010investigating,
  title={{Investigating web apis on the world wide web}},
  author={Maleshkova, Maria and Pedrinaci, Carlos and Domingue, John},
  booktitle={Web Services (ECOWS), 2010 IEEE 8th European Conference on},
  pages={107--114},
  year={2010},
  organization={IEEE}
}